<record><leader>00000cas a22000007a 4500</leader><controlfield tag="001">17358975</controlfield><controlfield tag="008">880119d18911949ohudn ne      0    0eng d</controlfield><datafield ind1=" " ind2=" " tag="010"><subfield code="a">sn 88077050 </subfield></datafield><datafield ind1=" " ind2=" " tag="040"><subfield code="a">ONP</subfield><subfield code="b">eng</subfield><subfield code="c">ONP</subfield><subfield code="d">OCLCQ</subfield></datafield><datafield ind1=" " ind2=" " tag="042"><subfield code="a">msc</subfield></datafield><datafield ind1="0" ind2=" " tag="130"><subfield code="a">Daily examiner (Bellefontaine, Ohio)</subfield></datafield><datafield ind1="1" ind2="4" tag="245"><subfield code="a">The Daily examiner.</subfield></datafield><datafield ind1=" " ind2=" " tag="260"><subfield code="a">Bellefontaine, Ohio :</subfield><subfield code="b">E.O. &amp; H.K. Hubbard,</subfield><subfield code="c">1891-1949.</subfield></datafield><datafield ind1=" " ind2=" " tag="310"><subfield code="a">Daily (except Sun.)</subfield></datafield><datafield ind1="0" ind2=" " tag="362"><subfield code="a">Vol. 1, no. 1 (Dec. 14, 1891)-v. 58, no. 69 (Mar. 5, 1949).</subfield></datafield><datafield ind1=" " ind2=" " tag="580"><subfield code="a">Weekly eds.: Bellefontaine examiner (Bellefontaine, Ohio : 1883), 1891-1894; and: Weekly examiner (Bellefontaine, Ohio : 1894), 1894-1946.</subfield></datafield><datafield ind1=" " ind2=" " tag="752"><subfield code="a">United States</subfield><subfield code="b">Ohio</subfield><subfield code="c">Logan</subfield><subfield code="d">Bellefontaine.</subfield></datafield><datafield ind1="1" ind2=" " tag="775"><subfield code="t">Bellefontaine examiner (Bellfontaine, Ohio : 1883)</subfield><subfield code="w">(DLC)sn 88077048</subfield></datafield><datafield ind1="1" ind2=" " tag="775"><subfield code="t">Weekly examiner (Bellefontaine, Ohio : 1894)</subfield><subfield code="w">(DLC)sn 88077049</subfield></datafield><datafield ind1="0" ind2="0" tag="785"><subfield code="t">Bellefontaine examiner (Bellefontaine, Ohio : 1949)</subfield><subfield code="w">(DLC)sn 84008407</subfield></datafield></record>